<?xml version="1.0" encoding="UTF-8"?><collection xmlns="http://www.loc.gov/MARC21/slim"><record><leader>00701nam--2200205-u-4500</leader><controlfield tag="001">000051997</controlfield><controlfield tag="002">20161230</controlfield><controlfield tag="005">20161230201049</controlfield><controlfield tag="008">090526s1000------------r-----000-0-eng-d</controlfield><datafield ind1=" " ind2=" " tag="020"><subfield code="a">9780735406230</subfield></datafield><datafield ind1=" " ind2=" " tag="040"><subfield code="a">IFIN-HH</subfield></datafield><datafield ind1=" " ind2=" " tag="080"><subfield code="a">539:(063)</subfield></datafield><datafield ind1="1" ind2=" " tag="100"><subfield code="a">Blazhev, Andrey</subfield></datafield><datafield ind1="1" ind2="0" tag="245"><subfield code="a">Capture Gamma-Ray Spectroscopy and Related Topics</subfield><subfield code="b">13th International Symposium, Cologne, Germany, 25-29 August 2008</subfield><subfield code="c">Andrey Blazhev; Jan Jolie; Andreas Zilges; Nigel Warr (Eds.)</subfield></datafield><datafield ind1=" " ind2=" " tag="260"><subfield code="a">Melville, New York</subfield><subfield code="b">American Institute of Physics</subfield><subfield code="c">2009</subfield></datafield><datafield ind1=" " ind2=" " tag="300"><subfield code="a">672 p</subfield></datafield><datafield ind1=" " ind2=" " tag="490"><subfield code="a">AIP Conference Proccedings</subfield><subfield code="v">Vol. 1090</subfield></datafield><datafield ind1="1" ind2=" " tag="700"><subfield code="a">Warr, Nigel</subfield><subfield code="e">Ed</subfield></datafield><datafield ind1=" " ind2=" " tag="852"><subfield code="a">82253</subfield><subfield code="c">539</subfield></datafield><datafield ind1=" " ind2=" " tag="CAT"><subfield code="a">Sys</subfield><subfield code="c">20110106</subfield><subfield code="h">092251</subfield></datafield></record></collection>